@article{CZ12,
    title = {Quantum vortex reconnections},
    author = {S. Zuccher, M. Caliari, A.W. Baggaley and C.F. Barenghi},
    journal = {Physics of Fluids},
    volume = {24},  
    number = {12},
    pages = {125108},
    year = {2012},
    publisher = {AIP Publishing},
    doi = {10.1063/1.4769116},
    url = {https://doi.org/10.1063/1.4769116}
}

@article{dispenseCaliari,
  author = {M. Caliari},
  journal = {},
  number = {},
  title = {Dispense di Metodi Numerici per le Equazioni Differenziali},
  volume = {},
  year = {2024}
}